@article{bernstein77, 
	title={The protein data bank: A computer-based archival file for macromolecular structures},
	volume={112},
	number={3},
	journal={Journal of Molecular Biology},
	author={Bernstein, Frances C. and Koetzle, Thomas F. and Williams, Graheme J.B. and Meyer, Edgar F. and Brice, Michael D. and Rodgers, John R. and Kennard, Olga and Shimanouchi, Takehiko and Tasumi, Mitsuo},
	year={1977}, 
	pages={535-542}	
}

@book{baxevanis2020bioinformatics,
	title={Bioinformatics},
	author={Baxevanis, Andreas D and Bader, Gary D and Wishart, David S},
	year={2020},
	publisher={John Wiley \& Sons}
}

@online{CentWikipedia,
	title = {Cent (dollaro statunitense) - Wikipedia},
	year = {2021},
	month = {Dec},
	note = {[Online; accessed 6. Jan. 2022]},
	url = {https://it.wikipedia.org/w/index.php?title=Cent_(dollaro_statunitense)}
}

@online{TalksDill2013Oct,
	author = {Ken Dill},
	title = {{The protein folding problem: a major conundrum of science: Ken Dill at TEDxSBU}},
	journaltitle = {YouTube},
	year = {2013},
	month = {Oct},
	publisher = {Youtube},
	note = {[Online; accessed 6. Jan. 2022]},
	url = {https://www.youtube.com/watch?v=zm-3kovWpNQ}
}

@article{varadi2021alphafold,
	title={AlphaFold Protein Structure Database: Massively expanding the structural coverage of protein-sequence space with high-accuracy models},
	author={Varadi, Mihaly and Anyango, Stephen and Deshpande, Mandar and Nair, Sreenath and Natassia, Cindy and Yordanova, Galabina and Yuan, David and Stroe, Oana and Wood, Gemma and Laydon, Agata and others},
	journal={Nucleic acids research},
	year={2021}
}

@article{batool2019structure,
	title={A structure-based drug discovery paradigm},
	author={Batool, Maria and Ahmad, Bilal and Choi, Sangdun},
	journal={International journal of molecular sciences},
	volume={20},
	number={11},
	pages={2783},
	year={2019},
	publisher={Multidisciplinary Digital Publishing Institute}
}

@article{knott2020characterization,
	title={Characterization and engineering of a two-enzyme system for plastics depolymerization},
	author={Knott, Brandon C and Erickson, Erika and Allen, Mark D and Gado, Japheth E and Graham, Rosie and Kearns, Fiona L and Pardo, Isabel and Topuzlu, Ece and Anderson, Jared J and Austin, Harry P and others},
	journal={Proceedings of the National Academy of Sciences},
	volume={117},
	number={41},
	pages={25476--25485},
	year={2020},
	publisher={National Acad Sciences}
}

@article{mariani2013lddt,
	title={lDDT: a local superposition-free score for comparing protein structures and models using distance difference tests},
	author={Mariani, Valerio and Biasini, Marco and Barbato, Alessandro and Schwede, Torsten},
	journal={Bioinformatics},
	volume={29},
	number={21},
	pages={2722--2728},
	year={2013},
	publisher={Oxford University Press}
}



